<record xmlns="http://www.loc.gov/MARC21/slim" xmlns:xsi="http://www.w3.org/2001/XMLSchema-instance" xsi:schemaLocation="http://www.loc.gov/MARC21/slim http://www.loc.gov/standards/marcxml/schema/MARC21slim.xsd">

  <leader>00448nam a2200133Ia 4500</leader>
  <datafield ind2=" " tag="999" ind1=" ">
    <subfield code="c">1656</subfield>
    <subfield code="d">1656</subfield>
  </datafield>
  <controlfield tag="008">180321b1997    cr ||||| |||| 00| | spa d</controlfield>
  <datafield ind1=" " tag="090" ind2=" ">
    <subfield code="a">06.02.05 </subfield>
    <subfield code="b">1297</subfield>
  </datafield>
  <datafield ind2=" " tag="100" ind1="1">
    <subfield code="a">Esquivel Villegas, Francisco</subfield>
    <subfield code="9">3492</subfield>
  </datafield>
  <datafield tag="245" ind2="3" ind1="1">
    <subfield code="a">El financiamiento de la educación en Costa Rica 1978-1997 / </subfield>
    <subfield code="c">Francisco Esquivel Villegas</subfield>
  </datafield>
  <datafield ind1=" " ind2=" " tag="260">
    <subfield code="a">Costa Rica : </subfield>
    <subfield code="b">Universidad Nacional de Costa Rica, </subfield>
    <subfield code="c">1997</subfield>
  </datafield>
  <datafield tag="300" ind2=" " ind1=" ">
    <subfield code="a">58 páginas</subfield>
  </datafield>
  <datafield ind1="1" tag="650" ind2="4">
    <subfield code="a">FINANCIAMIENTO DE LA EDUCACIÓN </subfield>
    <subfield code="9">338</subfield>
  </datafield>
  <datafield tag="650" ind2="4" ind1="1">
    <subfield code="a">DATOS ESTADÍSTICOS</subfield>
    <subfield code="9">452</subfield>
  </datafield>
  <datafield tag="942" ind2=" " ind1=" ">
    <subfield code="2">z</subfield>
    <subfield code="c">01</subfield>
  </datafield>
</record>